@Article{        sinha,
  author =       "Pawan Sinha, Benjamin Balas, Yuri Ostrovsky and Richard Russell",
  title =        "Face Recognition by Humans: Nineteen Results All Computer Vision Researchers Should Know About",
  year =         "2006",
}

@Article{ miro,
    url = "https://github.com/MiroslavVitkov/face.git"
}


@Article{        kalemis,
  author =       "Dimitrios Kalemis",
  title =        "The Fundamental Concepts of Object-Oriented Programming",
  year =         "2013",
  ISBN =         "1492912204 9781492912200"
}


@Article{        ahonen,
  author =       "T. Ahonen, A. Hadid and M. Pietikainen",
  title =        "Face Recognition with Local Binary Patterns.",
  year =         "2004",
}

@Article{        schmid,
  author =       "Hans-J. Schmid",
  title =        "C++ Design Patterns Documentation",
  year =         "2018",
}
