@Article{          krishna
  , author =       "Ranjay Krishna and Yuke Zhu and Oliver Groth and Justin Johnson and Kenji Hata and Joshua Kravitz and Stephanie Chen and Yannis Kalantidis and Li-Jia Li and David A. Shamma and Michael S. Bernstein and Li Fei-Fei"
  , title =        "Visual Genome: Connecting Language and Vision Using Crowdsourced Dense Image Annotations"
  , year =         "2016"
}


@Article{          zlatev
  , author =       "Jordan Zlatev"
  , title =        "Spatial Semantics"
}



